<?xml version="1.0" encoding="UTF-8"?><record xmlns="http://www.loc.gov/MARC21/slim" xmlns:cinclude="http://apache.org/cocoon/include/1.0" xmlns:zs="http://www.loc.gov/zing/srw/">
  <leader>00630nz  a2200157n  4500</leader>
  <controlfield tag="001">no2014044693</controlfield>
  <controlfield tag="003">DLC</controlfield>
  <controlfield tag="005">20140404073527.0</controlfield>
  <controlfield tag="008">140403n| azannaabn          |a aaa     c</controlfield>
  <datafield tag="010" ind1=" " ind2=" ">
    <subfield code="a">no2014044693</subfield>
  </datafield>
  <datafield tag="035" ind1=" " ind2=" ">
    <subfield code="a">(OCoLC)oca09724830</subfield>
  </datafield>
  <datafield tag="040" ind1=" " ind2=" ">
    <subfield code="a">MoSU-L</subfield>
    <subfield code="b">eng</subfield>
    <subfield code="e">rda</subfield>
    <subfield code="c">MoSU-L</subfield>
  </datafield>
  <datafield tag="100" ind1="1" ind2=" ">
    <subfield code="a">Voet, Johannes,</subfield>
    <subfield code="d">1647-1713.</subfield>
    <subfield code="t">Ad legem Juliam de vi publica</subfield>
  </datafield>
  <datafield tag="400" ind1="1" ind2=" ">
    <subfield code="a">Voet, Johannes,</subfield>
    <subfield code="d">1647-1713.</subfield>
    <subfield code="t">Commentarius ad Pandectas.</subfield>
    <subfield code="n">Liber 48, titulus 6,</subfield>
    <subfield code="p">Ad legem Juliam de vi publica</subfield>
  </datafield>
  <datafield tag="430" ind1=" " ind2="0">
    <subfield code="a">Ad legem Juliam de vi publica</subfield>
  </datafield>
  <datafield tag="670" ind1=" " ind2=" ">
    <subfield code="a">Commentarius ad Pandectas, 1827:</subfield>
    <subfield code="b">volume 4, page 678 (Liber XLVIII. Titulus VI.  Ad legem Juliam de vi publicaĚ)</subfield>
  </datafield>
</record>